@misc{liqwidagora,
    url={https://liqwid.notion.site/Explanation-LiqwidDAO-Agora-Governance-b965f23dcc8e40d5a6bce9324176e7e2},
    journal={Liqwid Documentation Database},
    title={LiqwidDAO Agora Governance},
    publisher={Liqwid},
    author={Martins, Emily}
} 

@misc{feichtinger2023hidden,
      title={The Hidden Shortcomings of (D)AOs -- An Empirical Study of On-Chain Governance}, 
      author={Rainer Feichtinger and Robin Fritsch and Yann Vonlanthen and Roger Wattenhofer},
      year={2023},
      eprint={2302.12125},
      archivePrefix={arXiv},
      primaryClass={cs.CY}
}

@misc{aragon, title={Aragon/whitepaper: An opt-in digital jurisdiction for Daos and sovereign individuals}, url={https://github.com/aragon/whitepaper}, journal={GitHub}, author={Aragon}} 

@misc{panchot2023clarity,
  title = {Clarity White Paper (v1.5 WIP)},
  author = {Panchot, Logan and Schreiner, Justin},
  organization = {Clear Contracts, Inc.},
  version = {1.5},
  note = {A Comprehensive Ecosystem for Impactful Decentralized Exponential Organizations},
  year = {2023}
}

@misc{Labs-2023, title={SUNDAESWAP governance launch!}, url={https://sundaeswap-finance.medium.com/sundaeswap-governance-launch-85e5dd6d47d8}, journal={Medium}, publisher={SundaeSwap Labs, Inc.}, author={Labs, Sundae}, year={2023}, month={Jan}}

@misc{muesliswap-offchain, url={https://vote.muesliswap.com/faq}, journal={Muesliswap Offchain Governance}, author={MuesliSwapTeam}} 

@inproceedings{DBLP:conf/uss/Adida08,
  author       = {Ben Adida},
  editor       = {Paul C. van Oorschot},
  title        = {Helios: Web-based Open-Audit Voting},
  booktitle    = {Proceedings of the 17th {USENIX} Security Symposium, July 28-August
                  1, 2008, San Jose, CA, {USA}},
  pages        = {335--348},
  publisher    = {{USENIX} Association},
  year         = {2008},
  url          = {http://www.usenix.org/events/sec08/tech/full\_papers/adida/adida.pdf},
  timestamp    = {Thu, 12 Mar 2020 11:34:58 +0100},
  biburl       = {https://dblp.org/rec/conf/uss/Adida08.bib},
  bibsource    = {dblp computer science bibliography, https://dblp.org}
}

@misc{wingriders-medium, title={Wingriders Dao voting solution}, url={https://medium.com/@wingriderscom/wingriders-dao-voting-solution-17e79be688d0}, journal={Medium}, publisher={Wingriders}, author={WingRiders}, year={2023}, month={Jan}} 

@misc{wingriders-github, title={Wingriders/Governance-Audit-Tool: Audit Governance Voting}, url={https://github.com/WingRiders/governance-audit-tool}, journal={GitHub}, author={WingRiders}} 

@misc{OpenZeppelin, title={How to set up on-chain governance}, url={https://docs.openzeppelin.com/contracts/4.x/governance}, journal={OpenZeppelin Docs}, author={OpenZeppelin}}
@misc{Tally, title={Governor framework}, url={https://docs.tally.xyz/knowledge-base/tally/governor-framework}, journal={Governor Framework - Tally Docs}, author={Tally}} 